<record><leader>00000cas a2200000 a 4500</leader><controlfield tag="001">33341940</controlfield><controlfield tag="008">951020d18721885vtudn ne      0    0eng d</controlfield><controlfield tag="009">14485</controlfield><datafield ind1=" " ind2=" " tag="010"><subfield code="a">sn 95062389 </subfield></datafield><datafield ind1=" " ind2=" " tag="040"><subfield code="a">CUY</subfield><subfield code="b">eng</subfield><subfield code="c">CNK</subfield><subfield code="d">NVN</subfield><subfield code="d">DLC</subfield><subfield code="d">OCLCF</subfield></datafield><datafield ind1=" " ind2=" " tag="042"><subfield code="a">msc</subfield></datafield><datafield ind1=" " ind2=" " tag="043"><subfield code="a">n-us-vt</subfield></datafield><datafield ind1="0" ind2="0" tag="050"><subfield code="a">Newspaper</subfield></datafield><datafield ind1="0" ind2="0" tag="245"><subfield code="a">Burlington free press &amp; times.</subfield></datafield><datafield ind1="3" ind2=" " tag="246"><subfield code="a">Burlington free press and times</subfield></datafield><datafield ind1="1" ind2="7" tag="246"><subfield code="a">Daily free press and times</subfield></datafield><datafield ind1="1" ind2="3" tag="246"><subfield code="a">Free press &amp; times</subfield></datafield><datafield ind1=" " ind2=" " tag="260"><subfield code="a">Burlington, Vt. :</subfield><subfield code="b">Free Press Association,</subfield><subfield code="c">1872-1885.</subfield></datafield><datafield ind1=" " ind2=" " tag="300"><subfield code="a">v.</subfield></datafield><datafield ind1=" " ind2=" " tag="310"><subfield code="a">Daily (except Sun.)</subfield></datafield><datafield ind1="0" ind2=" " tag="362"><subfield code="a">Vol. 26, no. 232 (Sept. 28, 1872)-v. 40, no. 295 (Dec. 12, 1885).</subfield></datafield><datafield ind1=" " ind2=" " tag="500"><subfield code="a">Morning and evening eds. issued, Sept. 28, 1872-June 30, 1882.</subfield></datafield><datafield ind1=" " ind2="0" tag="651"><subfield code="a">Burlington (Vt.)</subfield><subfield code="v">Newspapers.</subfield></datafield><datafield ind1=" " ind2="7" tag="655"><subfield code="a">Newspapers.</subfield><subfield code="2">fast</subfield><subfield code="0">(OCoLC)fst01423814</subfield></datafield><datafield ind1=" " ind2="7" tag="651"><subfield code="a">Vermont</subfield><subfield code="z">Burlington.</subfield><subfield code="2">fast</subfield><subfield code="0">(OCoLC)fst01207603</subfield></datafield><datafield ind1=" " ind2=" " tag="752"><subfield code="a">United States</subfield><subfield code="b">Vermont</subfield><subfield code="c">Chittenden</subfield><subfield code="d">Burlington.</subfield></datafield><datafield ind1="0" ind2=" " tag="775"><subfield code="t">Burlington weekly free press</subfield><subfield code="w">(DLC)sn 86072143</subfield></datafield><datafield ind1="0" ind2="0" tag="780"><subfield code="t">Burlington daily free press and times (Burlington, Vt. : 1869)</subfield><subfield code="w">(DLC)sn 84023041</subfield><subfield code="w">(OCoLC)10713226</subfield></datafield><datafield ind1="0" ind2="0" tag="785"><subfield code="t">Burlington daily free press (Burlington, Vt. : 1885)</subfield><subfield code="w">(DLC)sn 86071554</subfield><subfield code="w">(OCoLC)13655388</subfield></datafield></record>